@ARTICLE {latex,
    author   = "VIEIRA{,} T.",
    title    = "\textbf{Como usar LaTeX para escrever artigos científicos.}",
    journal  = "tecnoblog",
    year     = "2021",
    note     = "Disponível em: \textless https://tecnoblog.net/responde/como-usar-latex-para-escrever-artigos-cientificos/\textgreater. Acesso em: 3 jun. 2023."
}

@ARTICLE {svn,
    author   = "SIMÔES{,} A. S",
    title    = "\textbf{O que é Subversion (SVN)?.}",
    journal  = "unesp",
    year     = "2012",
    note     = "Disponível em: \textless https://www.sorocaba.unesp.br/programas-especiais/pet-eca/pesquisa/o-que-e-svn/\textgreater. Acesso em: 3 jun. 2023."
}

@ARTICLE {react,
    author   = "REACT.",
    title    = "\textbf{React - Uma biblioteca JavaScript para criar intefaces de usuário.}",
    journal  = "Reactjs",
    note     = "Disponível em: \textless https://pt-br.legacy.reactjs.org/\textgreater. Acesso em: 3 jun. 2023."
}

@ARTICLE {js,
    author   = "MOZILLA.",
    title    = "\textbf{JavaScript.}",
    journal  = "Mozilla",
    year     = "2023",
    note     = "Disponível em: \textless https://developer.mozilla.org/pt-BR/docs/Web/JavaScript/\textgreater. Acesso em: 3 jun. 2023."
}

@ARTICLE {css,
    author   = "MOZILLA.",
    title    = "\textbf{CSS.}",
    journal  = "Mozilla",
    year     = "2022",
    note     = "Disponível em: \textless https://developer.mozilla.org/pt-BR/docs/Web/HTML/\textgreater. Acesso em: 3 jun. 2023."
}

@ARTICLE {html,
    author   = "MOZILLA.",
    title    = "\textbf{HYML: Linguagem de Marcação de Hipertexto.}",
    journal  = "Mozilla",
    year     = "2022",
    note     = "Disponível em: \textless https://developer.mozilla.org/pt-BR/docs/Web/CSS/\textgreater. Acesso em: 3 jun. 2023."
}

@ARTICLE {java,
    author   = "ZUP.",
    title    = "\textbf{O que é java e por onde começar?.}",
    journal  = "zup",
    year     = "2021",
    note     = "Disponível em: \textless https://www.zup.com.br/blog/o-que-e-java/\textgreater. Acesso em: 3 jun. 2023."
}

@ARTICLE {mysql,
    author   = "ANDREI{,} L.",
    title    = "\textbf{O que é MySQL? Guia para iniciantes.}",
    journal  = "Hostinger",
    year     = "2023",
    note     = "Disponível em: \textless https://www.hostinger.com.br/tutoriais/o-que-e-mysql/\textgreater. Acesso em: 3 jun. 2023."
}

@ARTICLE {der,
    author   = "JOEL.",
    title    = "\textbf{MER e DER: Modelagem de banco de dados.}",
    journal  = "dev media",
    year     = "2014",
    note     = "Disponível em: \textless https://www.devmedia.com.br/mer-e-der-modelagem-de-bancos-de-dados/14332/\textgreater. Acesso em: 29 maio. 2023."
}

@ARTICLE {luci,
    author   = "LUCIDCHART.",
    title    = "\textbf{O que é um diagrama entidade relacionamento?.}",
    journal  = "Lucidchart",
    note     = "Disponível em: \textless https://www.lucidchart.com/pages/pt/o-que-e-diagrama-entidade-relacionamento/\textgreater. Acesso em: 29 maio. 2023."
}

@ARTICLE {sig,
    author   = "SIGNIFICADOS.",
    title    = "\textbf{Diagrama de classe UML: O que é, componentes e exemplo.}",
    journal  = "Significados",
    year     = "2011",
    note   = "Disponível em: \textless https://www.significados.com.br/diagrama-de-classes/\textgreater. Acesso em: 29 maio. 2023."
}

@ARTICLE {artigo,
    author   = "ANTÔNIO.",
    title    = "\textbf{Artigo - Engenharia de software 3 - Requisitos não funcionais.}",
    journal  = "dev média",
    year     = "2008",
    note     = "Disponível em: \textless https://www.devmedia.com.br/artigo-engenharia-de-software-3-requisitos-nao-funcionais/9525/\textgreater. Acesso em 12 abr. 2023."
}

@ARTICLE {codificar,
    author   =  "CANGAÇU{,} R.",
    title    =  "\textbf{Requisitos funcionais e não funcionais.}",
    journal  =  "Codificar",
    year     = "2021",
    note     = "Disponível em: \textless https://codificar.com.br/requisitos-funcionais-nao-funcionais/\textgreater. Acesso em: 12 abr. 2023."
}

@BOOK {mestres,
    author    = "CUNHA{,} F.",
    title     = "\textbf{Requisitos funcionais e não funcionais: o que são?.}",
    publisher = "Mestres da web",
    year      = "2022",
    note       = "Disponível em: \textless https://www.mestresdaweb.com.br/tecnologias/requisitos-funcionais-e-nao-funcionais-o-que-sao/\textgreater. Acesso em: 12 abr. 2023."
}

@ARTICLE {aela,
    author   = "AELA{,} E.",
    title    = "\textbf{Qual a diferença entre UI e UX Design - Endenta de uma vez.}",
    journal  = "Editora Aela",
    year     = "2022",
    note     = "Disponível em: \textless https://aelaschool.com/experienciadousuario/qual-a-diferenca-entre-ux-e-ui-design-entenda-de-uma-vez/\textgreater. Acesso em: 12 abr. 2023."
}

@ARTICLE {artigoo,
    author   = "DALLAVALLE{,} S. I. {;} CAZARINI{,} E. W.",
    title    = "\textbf{Regras do Negócio, um fator chave de sucesso no processo de desenvolvimento de Sistemas de Informação.}",
    journal  = "USP-EESC - Escola de Engenharia de São Carlos - Área: Engenharia de Produção",
    year     = "2000",
    pages    = "8",
    note     = "Disponível em: \textless https://abepro.org.br/biblioteca/enegep2000\_e0237.pdf/\textgreater. Acesso em: 12 abr. 2023"
}

@ARTICLE {supero,
    author   = "MARKETING.",
    title    = "\textbf{Prova de Conceito (Poc): boas práticas para ter sucesso.}",
    journal  = "Supero",
    year     = "2021",
    month    = "jun",
    note     = "Disponível em: \textless https://www.supero.com.br/blog/prova-de-conceito-poc-boas-praticas-para-ter-sucesso/\textgreater. Acesso em 11 abr. 2023."
}

@ARTICLE {vverner,
    author   = "DILKIN{,} D.",
    title    = "\textbf{A importância de fazer o levantamento de requisitos para um sistema.}",
    journal  = "vverner",
    year     = "2020",
    note     = "Disponível em: \textless https://vverner.com/a-importancia-de-fazer-o-levantamento-de-requisitos-para-um-sistema/\textgreater. Acesso em: 12 abr. 2023."
}

@ARTICLE {gaspar,
    author   = "GASPAR{,} F. A. G",
    title    = "\textbf{Prova de Conceito e Piloto com aplicação da Ferramenta Processual Red Hat.}",
    journal  = "Faculdade de Ciências Sociais Humanas - Universidade Nova Lisboa",
    year     = "2019",
    pages    = "78",
    month    = "apr",
    note     = "Disponível em: \textless https://run.unl.pt/bitstream/10362/93429/1/54053\_FilipaGaspar\_Trabalho\_Projeto.pdf/\textgreater. \\ Acesso em: 11 abr. 2023."
}

@BOOK {blog,
    author    = "NOLETO{,} C.",
    title     = "\textbf{Requisitos não funcionais.}",
    publisher = "trybe",
    year      = "2020",
    note      = "Disponível em: \textless https://blog.betrybe.com/tecnologia/requisitos-nao-funcionais/\textgreater.\\ Acesso em: 12 abr. 2023."
}

@BOOK {asana,
    author    = "ASANA.",
    title     = "\textbf{Metodologias de gestão de projeto: 12 modelos populares}",
    publisher = "team asana",
    year      = "2022",
    note      = "Disponível em: \textless https://asana.com/pt/resources/project-management-methodologies\\ Acesso em: 12 abr. 2023."
}

@ARTICLE {roberto,
    author   = "ESPINHA{,} R. G.",
    title    = "\textbf{Você realmente sabe o que é SPRINT? Veja definição e aprenda como fazer na sua empresa}",
    journal  = "artia",
    year     = "2022",
    note     = "Disponível em: \textlesshttps://artia.com/blog/sprint/\textgreater. \\ Acesso em: 12 abr. 2023."
}

@ARTICLE {api,
    author   = "RED HAT",
    title    = "\textbf{API REST}",
    journal  = "red hat",
    year     = "2020",
    note     = "Disponível em: \textlesshttps:https://www.redhat.com/pt-br/topics/api/what-is-a-rest-api/\textgreater. \\ Acesso em: 4 jun. 2023."
}

@ARTICLE {netlify,
    author   = "CLARK{,} M.",
    title    = "\textbf{Netilfy vs Heroku - Quais são as diferenças?.}",
    journal  = "back4app",
    note     = "Disponível em: \textlesshttps:https://blog.back4app.com/pt/netlify-vs-heroku-quais-sao-as-diferencas/\textgreater. \\ Acesso em: 4 jun. 2023."
}

@ARTICLE {json,
    author   = "LEITE{,} G.",
    title    = "\textbf{O que é JSON e como utilizar.}",
    journal  = "alura",
    year    = "2022",
    note     = "Disponível em: \textlesshttps:https://www.alura.com.br/artigos/o-que-e-json/\textgreater. \\ Acesso em: 4 jun. 2023."
}

@ARTICLE {tls,
    author   = "CLOUDFLARE.",
    title    = "\textbf{TLS 1.3}",
    journal  = "cloudflare",
    year    = "2023",
    note     = "Disponível em: \textlesshttps:https://developers.cloudflare.com/ssl/edge-certificates/additional-options/tls-13/\textgreater. \\ Acesso em: 4 jun. 2023."
}

@ARTICLE {cdn,
    author   = "CLOUDFLARE.",
    title    = "\textbf{O que é rede de distribuição de conteúdo (CDN)? Como a CDN funciona?}",
    journal  = "cloudflare",
    note     = "Disponível em: \textlesshttps:https://www.cloudflare.com/learning/cdn/what-is-a-cdn/\textgreater. \\ Acesso em: 4 jun. 2023."
}

@ARTICLE {git,
    author   = "GIT.",
    title    = "\textbf{git Documentation}",
    journal  = "git",
    note     = "Disponível em: \textlesshttps:https:https://git-scm.com/docs/git/en/\textgreater. \\ Acesso em: 4 jun. 2023."
}

@ARTICLE {gith,
    author   = "GITHUB.",
    title    = "\textbf{GitHub Docs}",
    journal  = "github",
    note     = "Disponível em: \textlesshttps:https://docs.github.com/en/\textgreater. \\ Acesso em: 4 jun. 2023."
}

@ARTICLE {hard,
    author   = "COMPUTERHOPE.",
    title    = "\textbf{Hard code}",
    journal  = "Computer Hope",
    year    =  "2019",
    note     = "Disponível em: \textlesshttps:https://docs.github.com/en/\textgreater. \\ Acesso em: 4 jun. 2023."
}

@ARTICLE {arquitetura,
    author   = "ANTÔNIO.",
    title    = "\textbf{Arquitetura de Software: Desenvolvimento orientado para arquitetura}",
    journal  = "dev media",
    year    =  "2008",
    note     = "Disponível em: \textlesshttps:https://www.devmedia.com.br/arquitetura-de-software-desenvolvimento-orientado-para-arquitetura/8033/\textgreater. \\ Acesso em: 4 jun. 2023."
}


