@ARTICLE {artigo,
    author   = "ANTÔNIO.",
    title    = "\textbf{Artigo - Engenharia de software 3 - Requisitos não funcionais}",
    journal  = "dev média",
    year     = "2008",
    note     = "Disponível em: \textless https://www.devmedia.com.br/artigo-engenharia-de-software-3-requisitos-nao-funcionais/9525/\textgreater. Acesso em 12 abr. 2023."
}

@ARTICLE {codificar,
    author   =  "CANGAÇU{,} R.",
    title    =  "\textbf{Requisitos funcionais e não funcionais.}",
    journal  =  "Codificar",
    year     = "2021",
    note     = "Disponível em: \textless https://codificar.com.br/requisitos-funcionais-nao-funcionais/\textgreater. Acesso em: 12 abr. 2023."
}

@BOOK {mestres,
    author    = "CUNHA{,} F.",
    title     = "\textbf{Requisitos funcionais e não funcionais: o que são?.}",
    publisher = "Mestres da web",
    year      = "2022",
    note       = "Disponível em: \textless https://www.mestresdaweb.com.br/tecnologias/requisitos-funcionais-e-nao-funcionais-o-que-sao/\textgreater. Acesso em: 12 abr. 2023."
}

@ARTICLE {aela,
    author   = "AELA{,} E.",
    title    = "\textbf{Qual a diferença entre UI e UX Design - Endenta de uma vez.}",
    journal  = "Editora Aela",
    year     = "2022",
    note     = "Disponível em: \textless https://aelaschool.com/experienciadousuario/qual-a-diferenca-entre-ux-e-ui-design-entenda-de-uma-vez/\textgreater. Acesso em: 12 abr. 2023."
}

@ARTICLE {artigoo,
    author   = "DALLAVALLE{,} S. I. {;} CAZARINI{,} E. W.",
    title    = "\textbf{Regras do Negócio, um fator chave de sucesso no processo de desenvolvimento de Sistemas de Informação.}",
    journal  = "USP-EESC - Escola de Engenharia de São Carlos - Área: Engenharia de Produção",
    year     = "2000",
    pages    = "8",
    note     = "Disponível em: \textless https://abepro.org.br/biblioteca/enegep2000\_e0237.pdf/\textgreater. Acesso em: 12 abr. 2023"
}

@ARTICLE {supero,
    author   = "MARKETING.",
    title    = "\textbf{Prova de Conceito (Poc): boas práticas para ter sucesso.}",
    journal  = "Supero",
    year     = "2021",
    month    = "jun",
    note     = "Disponível em: \textless https://www.supero.com.br/blog/prova-de-conceito-poc-boas-praticas-para-ter-sucesso/\textgreater. Acesso em 11 abr. 2023."
}

@ARTICLE {vverner,
    author   = "DILKIN{,} D.",
    title    = "\textbf{A importância de fazer o levantamento de requisitos para um sistema.}",
    journal  = "vverner",
    year     = "2020",
    note     = "Disponível em: \textless https://vverner.com/a-importancia-de-fazer-o-levantamento-de-requisitos-para-um-sistema/\textgreater. Acesso em: 12 abr. 2023."
}

@ARTICLE {gaspar,
    author   = "GASPAR{,} F. A. G",
    title    = "\textbf{Prova de Conceito e Piloto com aplicação da Ferramenta Processual Red Hat.}",
    journal  = "Faculdade de Ciências Sociais Humanas - Universidade Nova Lisboa",
    year     = "2019",
    pages    = "78",
    month    = "apr",
    note     = "Disponível em: \textless https://run.unl.pt/bitstream/10362/93429/1/54053\_FilipaGaspar\_Trabalho\_Projeto.pdf/\textgreater. \\ Acesso em: 11 abr. 2023."
}

@BOOK {blog,
    author    = "NOLETO{,} C.",
    title     = "\textbf{Requisitos não funcionais.}",
    publisher = "trybe",
    year      = "2020",
    note      = "Disponível em: \textless https://blog.betrybe.com/tecnologia/requisitos-nao-funcionais/\textgreater.\\ Acesso em: 12 abr. 2023."
}

@BOOK {asana,
    author    = "ASANA.",
    title     = "\textbf{Metodologias de gestão de projeto: 12 modelos populares}",
    publisher = "team asana",
    year      = "2022",
    note      = "Disponível em: \textless https://asana.com/pt/resources/project-management-methodologies\\ Acesso em: 12 abr. 2023."
}

@ARTICLE {roberto,
    author   = "ESPINHA{,} R. G.",
    title    = "\textbf{Você realmente sabe o que é SPRINT? Veja definição e aprenda como fazer na sua empresa}",
    year     = "2022",
    note     = "Disponível em: \textlesshttps://artia.com/blog/sprint/\textgreater. \\ Acesso em: 12 abr. 2023."
}


