@article{artigo,
    author = {Melo, Diego},
    title = {O que é Java[Guia para iniciantes]},
    journal = {Tecnoblog},
    year = {2021},
    url = {https://tecnoblog.net/responde/o-que-e-java-guia-para-iniciantes/},
}
@article{artigo2,
    author = {José},
    title = {Introdução ao MYSQL},
    journal = {Dev Média},
    year = {2013},
    url = {https://www.devmedia.com.br/introducao-ao-mysql/27799},
}
@article{artigo3,
    author = {e Spolsky Joel, Altwood Jeff},
    title = {StackOverflow},
    journal = {Comunidade StackOverflow},
    year = {2008},
    url = {https://survey.stackoverflow.co/2022/},
}
@article{artigo4,
    author = {e Gelbmann Matthias, Andlinger Paul},
    title = {DB-Engines},
    journal = {DB-Engines},
    year = {2021},
    url = {https://db-engines.com/en/},
}


